<record><leader>00000cas a2200000 i 4500</leader><controlfield tag="001">15293227</controlfield><controlfield tag="008">870310d18461848inuwr ne      0    0eng c</controlfield><datafield ind1=" " ind2=" " tag="010"><subfield code="a">sn 87055321 </subfield></datafield><datafield ind1=" " ind2=" " tag="040"><subfield code="a">NPI</subfield><subfield code="b">eng</subfield><subfield code="e">rda</subfield><subfield code="c">NPI</subfield><subfield code="d">OCLCQ</subfield><subfield code="d">IUL</subfield><subfield code="d">OCLCF</subfield></datafield><datafield ind1=" " ind2=" " tag="042"><subfield code="a">pcc</subfield></datafield><datafield ind1=" " ind2=" " tag="043"><subfield code="a">n-us-in</subfield></datafield><datafield ind1="0" ind2=" " tag="130"><subfield code="a">Peru herald (Peru, Ind.)</subfield></datafield><datafield ind1="1" ind2="4" tag="245"><subfield code="a">The Peru herald.</subfield></datafield><datafield ind1=" " ind2="1" tag="264"><subfield code="a">Peru, Indiana :</subfield><subfield code="b">John H. Scott</subfield></datafield><datafield ind1=" " ind2=" " tag="300"><subfield code="a">2 volumes.</subfield></datafield><datafield ind1=" " ind2=" " tag="310"><subfield code="a">Weekly</subfield></datafield><datafield ind1=" " ind2=" " tag="336"><subfield code="a">text</subfield><subfield code="b">txt</subfield><subfield code="2">rdacontent</subfield></datafield><datafield ind1=" " ind2=" " tag="337"><subfield code="a">unmediated</subfield><subfield code="b">n</subfield><subfield code="2">rdamedia</subfield></datafield><datafield ind1=" " ind2=" " tag="338"><subfield code="a">volume</subfield><subfield code="b">nc</subfield><subfield code="2">rdacarrier</subfield></datafield><datafield ind1="1" ind2=" " tag="362"><subfield code="a">Began with Nov. 28, 1846 issue; ceased with May 20, 1848 issue.</subfield></datafield><datafield ind1=" " ind2=" " tag="588"><subfield code="a">Description based on: Vol. I, no. 10 (February 11, 1847); title from masthead, U.S. Newspaper Archive (viewed Aug,. 3, 2017).</subfield></datafield><datafield ind1=" " ind2=" " tag="588"><subfield code="a">Latest issue consulted: Vol. I, no. 50 (March 11, 1848); U.S. Newspaper Archive (viewed Aug. 3, 2017).</subfield></datafield><datafield ind1=" " ind2="0" tag="651"><subfield code="a">Peru (Ind.)</subfield><subfield code="v">Newspapers.</subfield></datafield><datafield ind1=" " ind2="0" tag="651"><subfield code="a">Miami County (Ind.)</subfield><subfield code="v">Newspapers.</subfield></datafield><datafield ind1=" " ind2="7" tag="651"><subfield code="a">Indiana</subfield><subfield code="z">Miami County.</subfield><subfield code="2">fast</subfield><subfield code="0">(OCoLC)fst01207937</subfield></datafield><datafield ind1=" " ind2="7" tag="651"><subfield code="a">Indiana</subfield><subfield code="z">Peru.</subfield><subfield code="2">fast</subfield><subfield code="0">(OCoLC)fst01229038</subfield></datafield><datafield ind1=" " ind2="7" tag="655"><subfield code="a">Newspapers.</subfield><subfield code="2">fast</subfield><subfield code="0">(OCoLC)fst01423814</subfield></datafield><datafield ind1=" " ind2=" " tag="752"><subfield code="a">United States</subfield><subfield code="b">Indiana</subfield><subfield code="c">Miami</subfield><subfield code="d">Peru.</subfield></datafield><datafield ind1="4" ind2="1" tag="856"><subfield code="u">https://access.newspaperarchive.com/us/indiana/peru/peru-herald/</subfield></datafield></record>